2528 4344
362 334 453 388 ceto
473 333 618 407 Quieto
866 314 932 392 no'

31 424 401 516 mitesdeiilonteserctro
406 475 418 506 ,
429 430 494 519 qui,
506 422 575 491 Deo
586 429 723 514 gratias,
731 441 801 493 sunt
812 431 847 494 in
857 429 917 494 tali

18 524 161 612 partito,
177 514 266 609 quod
278 517 326 582 nil
338 515 479 582 habeant
496 540 587 605 agere
603 522 637 584 in
648 517 735 584 dicta
747 522 871 586 civitate
885 536 917 586 et
999 592 1005 604 ,

24 608 280 700 comitatuquod
292 607 443 674 ascendat
465 606 514 673 ad
526 608 660 698 aliquod
664 641 674 674 .·
684 634 762 701 pure
778 627 807 677 et
822 610 916 678 libere

23 719 95 787 stau
117 705 154 768 in
182 722 280 766 manu
303 698 474 766 Romanae
497 699 683 783 Ecclesiae,
712 718 741 769 et
758 727 915 793 peream

23 799 135 862 onmia
144 795 279 884 pacifice
290 789 496 881 possidentur.
516 787 569 856 Est
587 816 689 858 verum
709 794 797 885 quod
811 795 918 885 aliqui

22 910 68 955 ex
82 884 175 952 dictis
198 882 357 950 comitibus
380 887 445 949 istis
467 881 625 949 modernis
647 885 833 975 temporibus
846 886 913 953 Ec·

21 974 151 1047 chaam
166 974 359 1054 dilexerunt,
374 973 512 1042 videlicet
523 998 624 1042 comes
636 976 754 1043 Paulus
765 995 793 1043 et
806 1003 907 1046 comes

23 1066 191 1161 Spinetta,
206 1091 275 1132 cum
283 1082 379 1155 patre
395 1064 604 1148 ctsratn'bns;
619 1067 676 1133 scd
688 1067 728 1134 dc
735 1086 829 1156 patre
844 1095 912 1138 non

21 1175 66 1229 est
72 1158 192 1250 fienda
207 1181 334 1246 magna.
344 1161 475 1223 mentio:
489 1182 555 1222 non
575 1174 619 1223 est
634 1159 743 1249 cuipas
758 1163 832 1227 istos
846 1160 914 1228 Do·

21 1256 109 1319 mim
125 1274 195 1317 meo
210 1247 392 1315 cordialiter
405 1248 622 1315 recommendo
625 1281 639 1324 ,·
654 1266 682 1316 et
698 1255 761 1317 nisi
772 1276 831 1338 per
844 1251 912 1319 Ec·

23 1343 150 1411 clettam
165 1345 388 1419 sustineantur,
409 1338 497 1405 ibunt
508 1364 569 1428 pro
581 1365 669 1429 pane
684 1343 911 1412 mendicando.

22 1431 109 1502 Dedi
115 1439 161 1502 eis
172 1449 307 1522 tempore
315 1456 383 1497 meo
390 1434 599 1520 provisionem
608 1437 712 1499 comiti
719 1434 820 1500 Paulo
833 1447 909 1506 Χ.

20 1526 217 1616 flooenorwn
239 1527 274 1588 in
296 1547 420 1601 mense,
441 1526 550 1588 comiti
563 1520 713 1611 ‚Spinetta
733 1543 762 1591 et
784 1526 833 1591 illi
854 1524 909 1594 do·

22 1620 88 1683 mni
100 1625 196 1679 XXX
199 1689 203 1702 ¹
206 1615 354 1702 florenos.
370 1611 453 1680 Item
466 1629 535 1678 sunt
554 1614 613 1679 alii
628 1615 689 1681 duo
694 1621 819 1702 fratres
833 1615 910 1684 An·

22 1711 125 1775 tonius
134 1723 164 1773 et
181 1704 305 1784 Gnido,
315 1710 370 1796 qui
380 1721 516 1794 tempore
529 1710 587 1771 isto
597 1706 764 1789 moderno,
776 1714 810 1774 in
823 1732 911 1798 guer-

22 1822 60 1866 ra
73 1799 211 1877 Perusii,
228 1802 285 1886 ipsi
303 1814 333 1863 et
352 1821 457 1863 eorum
472 1819 614 1884 seguaces
628 1814 657 1865 et
674 1801 837 1886 complices
850 1824 911 1888 po·

22 1906 145 1958 suenoni
161 1887 337 1956 Ecclesiam
353 1892 386 1954 in
398 1911 513 1974 magno
526 1886 703 1954 discrimine
716 1889 763 1958 (¹).
775 1889 910 1958 Fiirono

23 2006 38 2047 a
62 1995 170 2075 punto
187 1981 295 2072 questi
326 1978 431 2045 catelli
447 1978 546 2042 feltrii
565 1977 672 2045 Guido
688 1979 729 2046 ed
745 1979 905 2062 Antonio,

22 2008 98 2154 eie,
112 2071 211 2138 fermi
231 2070 286 2136 nel
311 2068 381 2137 loro
398 2072 566 2158 coraggio,
582 2068 710 2136 avendo
728 2072 908 2163 raequista·

24 2175 56 2231 to
69 2163 94 2230 il
110 2162 224 2229 favore
239 2161 291 2228 de'
302 2160 415 2254 popoli
422 2212 433 2241 ,
445 2159 626 2226 desiderosi
639 2159 672 2225 di
684 2163 908 2252 cangiamenti

24 2255 184 2327 ottenchi
196 2251 282 2319 della
320 2278 376 2319 oca
390 2251 511 2318 soaviti
524 2249 822 2320 dell’ecalesiestioo
835 2255 908 2344 gio·

24 2368 79 2437 go,
93 2345 218 2412 ethera
236 2346 268 2410 in
286 2279 353 2409 fine
370 2342 543 2408 infortuna
558 2339 591 2407 di
609 2345 767 2409 rientrare
780 2347 815 2409 in
831 2367 919 2436 pos·¹
999 2412 1006 2424 ,

23 2459 110 2505 tesso
126 2435 213 2502 delia
230 2436 302 2501 loro
318 2435 423 2500 antica
440 2432 612 2499 ereditatia
629 2436 783 2525 signarit.

63 2526 91 2594 1]
115 2540 229 2594 nostro
250 2550 390 2592 comune
411 2527 537 2590 intanto
560 2527 757 2617 proseguiva
784 2550 905 2618 putea
931 2596 934 2601 ,
962 2508 965 2513 ¹
1003 2548 1053 2595 ’.ν
1076 2554 1087 2569 ··

23 2631 165 2709 prestare
181 2619 193 2683 i
210 2618 281 2683 suoi
306 2615 426 2684 sussidi
452 2614 527 2682 nell’
543 2618 679 2682 esercito
700 2617 787 2683 della
804 2617 902 2684 Chie·
929 2612 944 2625 ”
1111 2638 1126 2653 -·

22 2732 69 2791 st,
84 2710 216 2776 bencht
232 2708 266 2774 lo
281 2707 402 2775 facesse
424 2705 458 2770 di
485 2704 568 2771 mala
592 2707 701 2797 voglia
723 2707 857 2799 quando
874 2710 903 2776 si

20 2810 154 2869 tinum
171 2799 206 2866 di
223 2798 381 2891 spingerli
400 2811 513 2863 contro
538 2795 584 2887 gli
608 2800 729 2865 antichi
755 2800 851 2866 amici
866 2799 904 2866 di

20 2888 329 2973 Uthin0301treche
353 2902 470 2981 questo
494 2911 679 2955 accrescens
700 2893 710 2954 ἰ
734 2889 903 2983 dispendii

18 2981 313 3052 ttrtordinari‘cui
337 2980 373 3046 fu
398 2978 564 3070 obbligato
589 2982 624 3059 in
649 2995 767 3072 questo
789 2995 902 3075 tempo

16 3097 75 3169 per
89 3074 125 3142 ie
139 3074 269 3164 cagioni
290 3069 613 3138 antecedentemente
638 3073 858 3151 manifestate,
881 3096 902 3140 e

13 3182 75 3260 με
89 3165 177 3233 varii
195 3162 270 3231 altri
291 3163 374 3254 litigi
399 3163 452 3228 cui
473 3161 510 3228 fu
532 3165 726 3232 necessitato
745 3186 805 3256 per
822 3161 913 3229 tin-

49 3357 92 3432 (Ι)
104 3358 230 3430 Colucai,
243 3346 416 3429 tomo⁵12,p”.
433 3355 493 3412 ttt.
