2528 4344
101 188 277 236 ‚s-

393 326 485 381 creo
504 326 649 400 Qussro
884 327 946 385 ‘sss
1019 284 1025 301 ’
1127 288 1206 363 .”“’

57 418 205 485 rituultm
231 416 466 485 'urisdictiouem
486 423 520 485 in
532 418 753 504 fulcimentum
775 416 947 486 dumtaxat

57 443 241 600 temporuds
245 509 473 599 jurisdictionis
489 528 517 578 et
534 537 600 577 non
615 512 699 577 alius
722 515 756 576 in
778 521 816 576 'eo
828 511 947 578 ualens

55 625 212 669 exercere.
225 600 282 669 Cib
295 616 402 693 posto,
417 601 642 670 ricordandoci
654 627 747 669 come
762 601 945 680 bonifacio,

58 695 117 786 pits
128 693 538 774 chesurcessorediPiero‚
547 691 791 761 voll'esserlodi
801 694 944 780 Simone,

59 783 462 877 eche,pii1deliaChiesa
476 786 508 851 di
524 785 601 865 Dio,
613 790 687 852 amb
698 785 730 851 la
743 786 898 851 moschet
908 785 945 850 di

58 875 265 962 mammons,
281 899 349 942 non
366 877 395 942 ci
417 877 481 943 fari
501 891 605 968 punto
629 875 818 968 meraviglia
837 902 872 944 se
888 875 945 944 nel

58 965 326 1034 Brevedirettoel
340 992 476 1034 vescovo
487 970 649 1034 feretrano
663 970 689 1034 si
704 974 789 1034 servi
805 970 944 1036 incaute·

48 1071 173 1124 =mente
190 1081 250 1150 per
262 1070 375 1150 questa
393 1073 478 1125 terra
491 1060 580 1126 della'
595 1059 689 1126 solita
706 1059 945 1125 surmnlrdeile

61 1173 198 1215 romena
210 1149 400 1216 cancelleriu
410 1153 497 1226 ,ciue
509 1151 823 1243 dell'appartenenza
837 1150 946 1241 plena.-

64 1242 110 1307 ria
125 1240 189 1307 alla
206 1240 338 1308 Chiesa:
354 1266 373 1308 e
388 1242 450 1308 che
468 1245 500 1307 in
514 1254 738 1336 eonseguenza
755 1241 789 1307 di
807 1238 862 1307 sati
879 1242 946 1308 dui
1031 1273 1037 1282 ·

63 1333 161 1400 desse
177 1331 265 1399 delle
281 1332 362 1400 altre
377 1334 525 1425 plenarie
541 1334 583 1400 ed
599 1334 742 1402 resolute
758 1333 945 1424 dispositio·

62 1426 106 1490 ni.
124 1421 176 1490 Un
192 1424 273 1491 fatto
288 1429 356 1491 u'on
374 1428 392 1492 ὸ
412 1425 473 1491 che
497 1449 542 1491 un
568 1426 663 1507 fatto,
686 1452 704 1492 e
729 1424 945 1492 un'essertiva

61 1538 131 1581 nnn
149 1517 242 1582 behe
257 1539 304 1582 un
321 1515 421 1583 modo
437 1517 470 1581 di
482 1520 697 1609 espressione.
713 1516 879 1582 Bonifacio
895 1540 944 1583 as·

46 1613 126 1674 seri
139 1606 193 1672 de’
201 1607 295 1699 tristi
309 1607 470 1699 generalis
481 1607 646 1675 bonifacio
663 1610 818 1674 commise
835 1631 881 1674 un
898 1621 944 1673 at·

62 1711 94 1766 to
106 1696 325 1790 d'irregolere
337 1713 542 1791 prepotenza.
554 1701 650 1767 Tutto
662 1715 779 1792 questo
787 1723 853 1767 non
868 1723 944 1792 pro·

61 1813 101 1855 va
119 1813 166 1856 un
182 1790 299 1872 dritta,
313 1795 356 1858 nb
373 1793 477 1876 anche
493 1816 559 1857 una
575 1793 813 1859 consuetudine
834 1791 875 1857 <la
899 1794 944 1856 in·

61 1880 163 1948 durre
173 1905 323 1974 neppure
336 1907 382 1949 un
394 1884 578 1975 improprio
590 1883 689 1949 britto
705 1883 738 1947 di
755 1883 945 1974 prescrizio=

60 1995 113 2040 ne.
130 1971 196 2039 Ben
223 1973 288 2065 egli
313 1971 393 2064 perh
417 1977 444 2040 ci
469 1973 566 2040 leucia
590 1973 760 2040 travedere
783 1972 887 2040 infine
910 1973 944 2037 di

61 2077 179 2156 questa
191 2079 276 2130 carta
289 2066 350 2131 che
363 2067 373 2130 i
388 2067 458 2132 suoi
471 2063 695 2157 predecessori
708 2088 853 2135 avevano
869 2086 946 2156 pen·

62 2169 133 2223 sato
144 2156 185 2221 ed
197 2170 331 2248 operatu
344 2156 584 2223 diversamente
601 2156 755 2247 siguardo
772 2181 787 2220 a
808 2158 879 2231 noi,
896 2178 948 2221 eo·

62 2266 117 2316 me
131 2270 198 2340 pur
208 2251 506 2314 successivemente
529 2271 717 2340 pensarono
741 2247 781 2314 ed
807 2249 946 2338 egirono

64 2337 110 2431 gli
128 2339 202 2404 sitsi
220 2339 375 2429 pontefici
392 2341 450 2430 piis
468 2340 567 2431 giusti
585 2363 603 2404 e
619 2335 832 2430 regionevoli.
847 2334 897 2402 Ma
922 2335 947 2402 il

63 2430 261 2522 dispotismo
277 2454 345 2495 non
362 2429 398 2496 fu
416 2430 531 2496 mai-di
547 2433 711 2497 coscienza
729 2428 831 2496 molto
856 2446 944 2496 stru·

63 2521 188 2614 potsse.
206 2520 329 2587 Perchb
345 2521 483 2613 dunque
505 2545 635 2589 avesser
649 2520 707 2588 luo
731 2521 798 2588 ole
815 2533 946 2611 preten-

65 2614 152 2679 sioni
176 2613 396 2701 bonifuziane,
419 2614 598 2705 bisognava
622 2546 758 2678 manbre
781 2614 817 2677 in
840 2609 946 2691 oblio,

63 2703 253 2771 uesendare
269 2703 311 2770 ed
328 2703 498 2771 annullare
515 2716 598 2771 tutto
614 2705 666 2771 cit
681 2705 743 2771 che
758 2705 794 2769 in
818 2715 947 2779 contru-

62 2796 112 2862 rbo
121 2819 274 2863 svessero
282 2808 398 2887 potuto
407 2797 472 2862 mai
482 2795 577 2862 fasee
585 2794 656 2862 dire
665 2797 739 2861 tutti
751 2794 796 2886 gli
806 2793 879 2861 alt'ri
888 2793 947 2885 piis

61 2887 188 2962 antichi
197 2889 309 2953 rettori
319 2886 373 2952 del
381 2887 534 2953 Vaticano
540 2885 646 2967 30nde
658 2886 836 2953 conchiuse
848 2884 872 2950 il
885 2906 947 2952 suo

62 2972 182 3046 Breve}
200 2979 241 3044 N
239 3002 281 3044 ou
300 2978 493 3045 obstantibus
507 2977 688 3070 quibuslibet
698 2978 884 3068 privilegiis,
894 2981 950 3041 in·

61 3068 229 3160 duigmtiis
236 3085 265 3135 et
277 3070 374 3136 literis
384 3070 560 3159 apostolicis
565 3069 759 3160 generalibus
768 3086 824 3135 aut
832 3072 949 3156 specio·

62 3159 951 3253 libusuniuersitatiiusiuscastriautineolisetbubitururi·

61 3247 950 3345 busejususaliisquibusvispersonisuujuscumquecoudi·

61 3351 175 3430 tiques,
184 3343 305 3412 ordinis
315 3346 364 3417 vei
373 3361 471 3414 status
481 3341 781 3426 sturint,ubeudem
790 3339 862 3408 sede
872 3362 948 3417 eou-
1049 3422 1051 3426 Ι
